@article{Girvan2002CommunitySI,
  title={Community structure in social and biological networks.},
  author={Michelle Girvan and M. E. J. Newman},
  journal={Proceedings of the National Academy of Sciences of the United States of America},
  year={2002},
  volume={99 12},
  pages={
          7821-6
        }
}

@misc{wiki:Partition-of-a-set,
   author = "Wikipedia",
   title = "Partition of a set --- {W}ikipedia{,} The Free Encyclopedia",
   year = "2004",
   url = "\url{https://en.wikipedia.org/wiki/Partition_of_a_set}",
   note = "[Online; accessed 22-July-2004]"
 }