@article{Newman2004FindingAE,
  title={Finding and evaluating community structure in networks.},
  author={Micaleah Newman and Michelle Girvan},
  journal={Physical review. E, Statistical, nonlinear, and soft matter physics},
  year={2004},
  volume={69 2 Pt 2},
  pages={
          026113
        }
}

@article{Newman2016CommunityDI,
  title={Community detection in networks: Modularity optimization and maximum likelihood are equivalent},
  author={Mark E. J. Newman},
  journal={ArXiv},
  year={2016},
  volume={abs/1606.02319}
}