@article{DBLP:journals/corr/ReppasSS14,
  author    = {Andreas I. Reppas and
               Konstantinos G. Spiliotis and
               Constantinos I. Siettos},
  title     = {Tuning the average path length of complex networks and its influence
               to the emergent dynamics of the majority-rule model},
  journal   = {CoRR},
  volume    = {abs/1412.2290},
  year      = {2014},
  url       = {http://arxiv.org/abs/1412.2290},
  archivePrefix = {arXiv},
  eprint    = {1412.2290},
  timestamp = {Mon, 13 Aug 2018 16:49:08 +0200},
  biburl    = {https://dblp.org/rec/journals/corr/ReppasSS14.bib},
  bibsource = {dblp computer science bibliography, https://dblp.org}
}
 
@article{Lopes_2019,
   title={Distinct dynamical behavior in Erdős-Rényi networks, regular random networks, ring lattices, and all-to-all neuronal networks},
   volume={99},
   ISSN={2470-0053},
   url={http://dx.doi.org/10.1103/PhysRevE.99.022303},
   DOI={10.1103/physreve.99.022303},
   number={2},
   journal={Physical Review E},
   publisher={American Physical Society (APS)},
   author={Lopes, M. A. and Goltsev, A. V.},
   year={2019},
   month={Feb}
}